00556cas a22002171a 4500
001 999322963502836
003 Nz
005 20161223153204.0
008 040113d1882uuuunz  r ne      0   0 eng  
035    $a (NLNZils)932296
035    $a (Nz)8183886
035    $a (NLNZils)932296-ilsdb
035    $a (OCoLC)173423258
040    $a NZNB $c NZNB
042    $a nznb
043    $a u-nz---
245 00 $a Te Aroha mail.
260    $a [Te Aroha, N.Z. : $b s.n., $c 1882?-?]
362 0  $a 1882?-?
651  0 $a Te Aroha (N.Z.) $v Newspapers.
655  7 $a New Zealand newspapers. $2 local $5 Nz
